%% This BibTeX bibliography file was created using BibDesk.
%% http://bibdesk.sourceforge.net/

%% Created for Sascha Bilert at 2017-02-06 18:37:41 +0100 


%% Saved with string encoding Unicode (UTF-8) 



@article{smith1991bark,
	Author = {Smith, Julius O and Abel, Jonathan S},
	Date-Added = {2017-02-06 16:13:28 +0000},
	Date-Modified = {2017-02-06 16:17:10 +0000},
	Journal = {IEEE Transactions on speech and Audio Processing},
	Number = {6},
	Pages = {697-708},
	Title = {Bark and ERB bilinear transform},
	Volume = {7},
	Year = {1991}}
