%% This BibTeX bibliography file was created using BibDesk.
%% http://bibdesk.sourceforge.net/

%% Created for Sascha Bilert at 2017-02-06 22:46:11 +0100 


%% Saved with string encoding Unicode (UTF-8) 



@inproceedings{bitzer1999theoretical,
	Author = {Bitzer, Joerg and Simmer, Klaus Uwe and Kammeyer, K-D},
	Booktitle = {Acoustics, Speech, and Signal Processing, 1999. Proceedings., 1999 IEEE International Conference on},
	Date-Added = {2017-02-06 21:43:58 +0000},
	Date-Modified = {2017-02-06 21:45:39 +0000},
	Organization = {IEEE},
	Pages = {2965--2968},
	Title = {Theoretical noise reduction limits of the generalized sidelobe canceller (GSC) for speech enhancement},
	Volume = {5},
	Year = {1991}}

@incollection{bitzer2001superdirective,
	Author = {Bitzer, Joerg and Simmer, K Uwe},
	Booktitle = {Microphone arrays},
	Date-Added = {2017-02-06 21:42:22 +0000},
	Date-Modified = {2017-02-06 21:43:10 +0000},
	Pages = {19--38},
	Publisher = {Springer},
	Title = {Superdirective microphone arrays},
	Year = {2001}}
	
@article{holube2017c,
	author = {Inga Holube and Alexandra Winkler and Uwe Simmer},
 	title = {CCITT, ICRA1 & Co.},
 	tags = {""},
 	year = {2017},
 	pages = {58-59},
 	volume = {56},
 	journal = {Zeitschrift für Audiologie},
 	number = {2}}
 	
 	@conference{winkler2017,
 author = {Alexandra Winkler and Rebecca Carroll and Inga Holube},
 title = {Analyse von Nachbarschaftsparametern anhand der Freiburger Einsilber},
 tags = {""},
 booktitle = {Jahrestagung der Deutschen Gesellschaft für Audiologie, Aalen, ausgezeichnet mit dem 3. Posterpreis},
 year = {2017}}

@article{holube1996speech,
	Author = {Holube, Inga and Kollmeier, Birger},
	Date-Added = {2017-02-06 21:39:47 +0000},
	Date-Modified = {2017-02-06 21:40:54 +0000},
	Journal = {The Journal of the Acoustical Society of America},
	Number = {3},
	Pages = {1703--1716},
	Publisher = {ASA},
	Title = {Speech intelligibility prediction in hearing-impaired listeners based on a psychoacoustically motivated perception model},
	Volume = {100},
	Year = {1996}}

@article{holube2010development,
	Author = {Holube, Inga and Fredelake, Stefan and Vlaming, Marcel and Kollmeier, Birger},
	Date-Added = {2017-02-06 21:36:11 +0000},
	Date-Modified = {2017-02-06 21:41:42 +0000},
	Journal = {International Journal of Audiology},
	Number = {12},
	Pages = {891--903},
	Publisher = {Taylor \& Francis},
	Title = {Development and analysis of an international speech test signal (ISTS)},
	Volume = {49},
	Year = {2010}}

@article{dau1991intrinsic,
	Author = {Dau, Torsten and Verhey, Jesko and Kohlrausch, Armin},
	Date-Added = {2017-02-06 21:34:11 +0000},
	Date-Modified = {2017-02-06 21:41:23 +0000},
	Journal = {The Journal of the Acoustical Society of America},
	Number = {5},
	Pages = {2752--2760},
	Publisher = {ASA},
	Title = {Intrinsic envelope fluctuations and modulation-detection thresholds for narrow-band noise carriers},
	Volume = {106},
	Year = {1999}}

@article{verhey1999within,
	Author = {Verhey, Jesko L and Dau, Torsten and Kollmeier, Birger},
	Date-Added = {2017-02-06 21:30:30 +0000},
	Date-Modified = {2017-02-06 21:41:34 +0000},
	Journal = {The Journal of the Acoustical Society of America},
	Number = {5},
	Pages = {2733--2745},
	Publisher = {ASA},
	Title = {Within-channel cues in comodulation masking release (CMR): Experiments and model predictions using a modulation-filterbank model},
	Volume = {106},
	Year = {1991}}

@book{lenarz2004HNO,
	Author = {Lenarz, Thomas and Boenninghaus, Hans Georg},
	Date-Added = {2017-02-06 21:24:21 +0000},
	Date-Modified = {2017-02-06 21:29:28 +0000},
	Publisher = {Springer-Lehrbuch},
	Title = {Hals-Nasen-Ohren-Heilkunde},
	Volume = {12},
	Year = {2004}}

@book{yost2013hearing,
	Author = {Yost, Wiliam A.},
	Date-Added = {2017-02-06 21:19:00 +0000},
	Date-Modified = {2017-02-06 21:23:37 +0000},
	Publisher = {BRIL},
	Title = {Fundamentals of Hearing: An Introduction},
	Volume = {5},
	Year = {2013}}

@book{zwicker2013psychoacoustics,
	Author = {Zwicker, Eberhard and Fastl, Hugo},
	Date-Added = {2017-02-06 21:16:57 +0000},
	Date-Modified = {2017-02-06 21:39:28 +0000},
	Publisher = {Springer Science \& Business Media},
	Title = {Psychoacoustics: Facts and models},
	Volume = {22},
	Year = {2013}}
@article{rabiner1993fundamentals,
  title={Fundamentals of speech recognition},
  author={Rabiner, Lawrence R and Juang, Biing-Hwang},
  year={1993},
  publisher={PTR Prentice Hall}
}